@abnt-options{abnt-options4,
  abnt-thesis-year = {final},
  abnt-full-initials = {yes},
  abnt-year-extra-label = {yes},
  abnt-repeated-title-omit = {yes},
  abnt-repeated-author-omit = {yes},
  abnt-etal-list = 3,
  key = {a}
}

@book{bib:thesaurus,
	author = {Ferrez, Helena Dodd AND Bianchini, Maria Helena S.},
	type = {Tipo},
	title = {Thesaurus para acervos museológicos},
	edition = {Edição},
	address = {Local de publicação},
	publisher = {Editora},
	year = {Ano da publicação},
	pages = {Número de páginas},
	howpublished = {Comentário},
	series = {Série},
	number = {Número da publicação},
	note = {Nota},
	url = {http://endereco.eletronico},
}
